@misc{standfordcs221,
  title={Artificial Intelligence: Principles and Techniques},
  author={Percry Liang, Dorsa Sadigh},
  year={2019},
  publisher={Stanford University}
}
@book{csttnt_lhb,
	title={Cơ sở trí tuệ nhân tạo},
	author={Lê Hoài Bắc, Tô Hoài Việt},
	year={2014},
	publisher={NXB Khoa học và Kỹ thuật}
}
